% Encoding: UTF-8

@Article{1165342,
  author  = {L. {Rabiner} and B. {Juang}},
  journal = {IEEE ASSP Magazine},
  title   = {An introduction to hidden Markov models},
  year    = {1986},
  number  = {1},
  pages   = {4-16},
  volume  = {3},
  doi     = {10.1109/MASSP.1986.1165342},
}

@Comment{jabref-meta: databaseType:bibtex;}
